<?xml version="1.0" encoding="UTF-8"?><collection xmlns="http://www.loc.gov/MARC21/slim"><record><leader>00634nam--2200193-i-4500</leader><controlfield tag="001">000010114</controlfield><controlfield tag="002">20161230</controlfield><controlfield tag="005">20161230201028</controlfield><controlfield tag="008">060222s1000------------r-----000-0-eng-d</controlfield><datafield ind1=" " ind2=" " tag="040"><subfield code="a">IFIN-HH</subfield></datafield><datafield ind1=" " ind2=" " tag="080"><subfield code="a">800.7:802.0:800.935:5</subfield></datafield><datafield ind1="1" ind2=" " tag="100"><subfield code="a">Duval, Clement</subfield></datafield><datafield ind1="1" ind2="0" tag="245"><subfield code="a">Science is power</subfield><subfield code="b">Cours d'anglais scientifique pour les debutants</subfield><subfield code="c">Clement duval</subfield></datafield><datafield ind1=" " ind2=" " tag="250"><subfield code="a">Quatrieme Edition Revue Et Corrigee</subfield></datafield><datafield ind1=" " ind2=" " tag="260"><subfield code="a">Paris</subfield><subfield code="b">Editions Du Centre National De La Recherche Scientifique</subfield><subfield code="c">1969</subfield></datafield><datafield ind1=" " ind2=" " tag="300"><subfield code="a">105P</subfield></datafield><datafield ind1=" " ind2=" " tag="490"><subfield code="a">Enseignement Preparatoire Aux Techniques De La Recherche</subfield></datafield><datafield ind1=" " ind2=" " tag="852"><subfield code="a">36581</subfield><subfield code="c">4</subfield></datafield><datafield ind1=" " ind2=" " tag="CAT"><subfield code="a">Sys</subfield><subfield code="c">20130201</subfield><subfield code="h">140628</subfield></datafield></record></collection>